% Website
% Required fields: 'title' | 'author' | 'howpublished' | 'note'
% Optional fields: 'month' | 'year'
@misc{misc,
  title = {{Title}},
  author = {{Name Surname, Name Surname and Name Surname}},
  howpublished = {\url{https://www.google.com}},
  note = {{Accessed 31/01/2000}}
}


% Book
% Required fields: 'author' or 'editor' | 'title' | 'publisher' | 'year'.
% Optional fields: 'volume' or 'number' | 'series' | 'address' | 'edition' | 'month' | 'note'
@book{book,
  author = {{Name Surname, Name Surname and Name Surname}},
  title = {{Title}},
  publisher = {{University of Trento}},
  year = 1994,
  edition = 2
}

% Conference
% Required fields: 'author' | 'title' | 'booktitle' | 'year'
% Optional fields: 'editor' | 'volume' or 'number' | 'series' | 'pages' | 'address' | 'month' | 'organization' | 'publisher' | 'note'
@conference{conference,
  author = {{Name Surname, Name Surname and Name Surname}},
  title = {{Title}},
  booktitle = {{University of Trento}},
  address = {{Trento | ITA}},
  year = 2005,
  month = jun,
  pages = {886-893}
}

% Article
% Required fields: 'author' | 'title' | 'journal' | 'year'
% Optional fields: 'volume' | 'number' | 'pages' | 'month' | 'note'
@article{article,
  author = {{Name Surname, Name Surname and Name Surname}},
  title = {{Title}},
  journal = {{University of Trento}},
  volume = 52,
  number = 4,
  pages = {1289-1306},
  year = 2006
}

@misc{accountSchema,
  title = {{Ethereum Account Schema}},
  author = {{Ethereum Foundation}},
  howpublished = {\url{https://ethereum.org/en/developers/docs/accounts/}},
}

@misc{EVMSchema,
  title = {{Ethereum EVM Schema}},
  author = {{Ethereum Foundation}},
  howpublished = {\url{https://ethereum.org/en/developers/docs/evm/}},
}

@misc{githubEthereumTable,
  title = {{Github Ethereum Operations Costs}},
  author = {{Danny Djrtwo}},
  howpublished = {\url{https://github.com/djrtwo/evm-opcode-gas-costs}},
}

@misc{ethereumGasFeeTable,
  title = {{Ethereum Operations Costs}},
  author = {{Danny Djrtwo}},
  howpublished = {\url{https://docs.google.com/spreadsheets/d/1n6mRqkBz3iWcOlRem_mO09GtSKEKrAsfO7Frgx18pNU/edit#gid=0}},
}

@misc{storageSize,
  title = {{Understanding Ethereum Smart Contract Storage}},
  author = {{Steve Marx}},
  howpublished = {\url{https://programtheblockchain.com/posts/2018/03/09/understanding-ethereum-smart-contract-storage/}},
}

@misc{storageVsMemoryCosts,
  title = {{Storing on Ethereum. Analyzing the costs}},
  author = {{Alber Palau}},
  howpublished = {\url{https://medium.com/coinmonks/storing-on-ethereum-analyzing-the-costs-922d41d6b316}},
}

@misc{alfaRomeoBlockchain,
  title = {{Alfa Romeo Tonale, ecco perch√© NFT aumentano il valore residuo}},
  author = {{Simoluca Pini}},
  howpublished = {\url{https://www.ilsole24ore.com/art/alfa-romeo-tonale-ecco-perche-nft-aumentano-valore-residuo-AEXPjBEB?refresh_ce=1}},
}

@misc{ethereumDocumentiation,
  title = {{Documentiazione Ethereum}},
  author = {{Ethereum Foundation}},
  howpublished = {\url{https://ethereum.org/en/developers/docs/}},
}
